@article{Ashikhmin2000,
 author = {Ashikhmin, Michael and Shirley, Peter},
 title = {An Anisotropic Phong BRDF Model},
 journal = {J. Graph. Tools},
 issue_date = {Dec. 2000},
 volume = {5},
 number = {2},
 month = feb,
 year = {2000},
 issn = {1086-7651},
 pages = {25--32},
 numpages = {8},
 //url = {http://dx.doi.org/10.1080/10867651.2000.10487522},
 doi = {10.1080/10867651.2000.10487522},
 acmid = {358644},
 publisher = {A. K. Peters, Ltd.},
 address = {Natick, MA, USA},
}

@article{Bandyopadhyay2002,
  author    = {Sanghamitra Bandyopadhyay and Ujjwal Maulik},
  title     = {Genetic clustering for automatic evolution of clusters and application to image classification},
  journal   = {Pattern Recognition},
  volume    = {35},
  number    = {6},
  pages     = {1197--1208},
  year      = {2002},
  //url       = {http://dx.doi.org/10.1016/S0031-3203(01)00108-X},
  doi       = {10.1016/S0031-3203(01)00108-X},
  timestamp = {Thu, 19 Feb 2004 14:13:44 +0100},
  biburl    = {http://dblp.uni-trier.de/rec/bib/journals/pr/BandyopadhyayM02},
  bibsource = {dblp computer science bibliography, http://dblp.org},
}
@article{Bilgili2011,
  author = {Ahmet Bilgili and Aydin {\"{O}}zt{\"{u}}rk and Murat Kurt},
  title = {A General {BRDF} Representation Based on Tensor Decomposition},
  journal = {Comput. Graph. Forum},
  volume = {30},
  number = {8},
  pages = {2427--2439},
  year = {2011},
  //url = {http://dx.doi.org/10.1111/j.1467-8659.2011.02072.x},
  doi = {10.1111/j.1467-8659.2011.02072.x},
}

@misc{BilgiliSup2011,
 author = {Ahmet Bilgili and Aydin {\"{O}}zt{\"{u}}rk and Murat Kurt},
 title = {A General {BRDF} Representation Based on Tensor Decomposition: Supplemental Material},
 year = {2011},
 numpages = {204},
}

@article{Brady2014,
 author = {Brady, Adam and Lawrence, Jason and Peers, Pieter and Weimer, Westley},
 title = {gen{BRDF}: Discovering New Analytic {BRDF}s with Genetic Programming},
 journal = {ACM Trans. Graph.},
 issue_date = {July 2014},
 volume = {33},
 number = {4},
 month = jul,
 year = {2014},
 issn = {0730-0301},
 pages = {114:1--114:11},
 articleno = {114},
 numpages = {11},
 //url = {http://doi.acm.org/10.1145/2601097.2601193},
 doi = {10.1145/2601097.2601193},
 acmid = {2601193},
 publisher = {ACM},
 address = {New York, NY, USA},
 keywords = {BRDF, analytic, genetic programming, isotropic},
}

@phdthesis{Carvalho2013,
 author = {Beatriz Trinchão Andrade de Carvalho},
 title = {Image-Based Appearance Preservation},
 school = {Universade Federal do Paraná},
 //url = {http://dspace.c3sl.ufpr.br:8080/dspace/handle/1884/34698},
 year = {2013},
}

@misc{Disney2016,
    author={{Disney}},
    title={{BRDF Explorer Tool}},
    howpublished={[web page] \verb+http://www.disneyanimation.com/technology/brdf.html+},
    year={2016},
}

@article{Edwards2006,
 author = {Edwards, Dave and Boulos, Solomon and Johnson, Jared and Shirley, Peter and Ashikhmin, Michael and Stark, Michael and Wyman, Chris},
 title = {The Halfway Vector Disk for BRDF Modeling},
 journal = {ACM Trans. Graph.},
 issue_date = {January 2006},
 volume = {25},
 number = {1},
 year = {2006},
 issn = {0730-0301},
 pages = {1--18},
 numpages = {18},
 //url = {http://doi.acm.org/10.1145/1122501.1122502},
 doi = {10.1145/1122501.1122502},
 acmid = {1122502},
 publisher = {ACM},
 address = {New York, NY, USA},
 keywords = {BRDF, Monte Carlo, global illumination},
} 

@article{Ghosh2007,
 author = {Ghosh, A. and Achutha, S. and Heidrich, W. and O'Toole, M.},
 title = {BRDF Acquisition with Basis Illumination},
 year = {2007},
 issn = {1550-5499},
 pages = {1--8},
 numpages = {8},
 //url = {https://www.cs.ubc.ca/nest/imager/tr/2007/BRDFAcquisition/iccv07.pdf},
 doi = {10.1109/ICCV.2007.4408935},
 publisher = {IEEE},
 keywords = {BRDF, measure, orthonormal basis, isotropic},
}

@mastersthesis{Haeussler2012,
 author = {Tobias Häu$\ss$ler},
 title = {Mobile Reflectance Estimation},
 school = {Universität Ulm},
 address = {Fakultät für Ingenieurwissenschaften und Informatik},
 year = {2012},
}

@article{Hruschka2009,
 author = {Hruschka, Eduardo Raul and Campello, Ricardo J. G. B. and Freitas, Alex A. and De Carvalho, Andr{\'e} C. Ponce Leon F.},
 title = {A Survey of Evolutionary Algorithms for Clustering},
 journal = {Trans. Sys. Man Cyber Part C},
 issue_date = {March 2009},
 volume = {39},
 number = {2},
 month = mar,
 year = {2009},
 issn = {1094-6977},
 pages = {133--155},
 numpages = {23},
 //url = {http://dx.doi.org/10.1109/TSMCC.2008.2007252},
 doi = {10.1109/TSMCC.2008.2007252},
 acmid = {1656849},
 publisher = {IEEE Press},
 address = {Piscataway, NJ, USA},
 keywords = {Applications, applications, clustering, evolutionary algorithms},
} 

@article{Jain1999,
 author = {Jain, A. K. and Murty, M. N. and Flynn, P. J.},
 title = {Data Clustering: A Review},
 journal = {ACM Comput. Surv.},
 issue_date = {Sept. 1999},
 volume = {31},
 number = {3},
 month = sep,
 year = {1999},
 issn = {0360-0300},
 pages = {264--323},
 numpages = {60},
 //url = {http://doi.acm.org/10.1145/331499.331504},
 doi = {10.1145/331499.331504},
 acmid = {331504},
 publisher = {ACM},
 address = {New York, NY, USA},
 keywords = {cluster analysis, clustering applications, exploratory data analysis, incremental clustering, similarity indices, unsupervised learning},
} 

@article{Kurt2010,
 author = {Kurt, Murat and Szirmay-Kalos, L\'{a}szl\'{o} and K\v{r}iv\'{a}nek, Jaroslav},
 title = {An Anisotropic BRDF Model for Fitting and Monte Carlo Rendering},
 journal = {SIGGRAPH Comput. Graph.},
 issue_date = {February 2010},
 volume = {44},
 number = {1},
 month = feb,
 year = {2010},
 issn = {0097-8930},
 pages = {3:1--3:15},
 articleno = {3},
 numpages = {15},
 //url = {http://doi.acm.org/10.1145/1722991.1722996},
 doi = {10.1145/1722991.1722996},
 acmid = {1722996},
 publisher = {ACM},
 address = {New York, NY, USA},
 keywords = {BRDF data fitting, BRDF representation, Monte Carlo rendering, anisotropic reflection model},
}

@phdthesis{Lensch2003,
 author = {Lensch, Hendrik P. A.},
 advisor = {Allen, Peter K.},
 title = {Efficient, Image-Based Appearance Acquisition of Real-World Objects},
 year = {2003},
 //school = {Max-Planck-Institut für Informatik},
}

@article{Marghny2011,
 author = {M. H. Marghny and Rasha M. Abd El-Aziz and Ahmed I. Taloba},
 title = {Article: An Effective Evolutionary Clustering Algorithm: Hepatitis C Case Study},
 journal = {International Journal of Computer Applications},
 year = {2011},
 volume = {34},
 number = {6},
 pages = {1-6},
 month = {November},
}

@article{Matusik2003,
 author = {Matusik, Wojciech and Pfister, Hanspeter and Brand, Matt and McMillan, Leonard},
 title = {A Data-driven Reflectance Model},
 journal = {ACM Trans. Graph.},
 issue_date = {July 2003},
 //volume = {22},
 //number = {3},
 month = jul,
 year = {2003},
 issn = {0730-0301},
 //pages = {759--769},
 numpages = {11},
 //url = {http://doi.acm.org/10.1145/882262.882343},
 doi = {10.1145/882262.882343},
 acmid = {882343},
 publisher = {ACM},
 address = {New York, NY, USA},
 keywords = {BRDF, image-based modeling, light reflection models, photometric measurements, reflectance},
}

@article{Montes2012,
 author = {Rosana Montes and Carlos Ureña},
 title = {An Overview of {BRDF} Models},
 year = {2012},
 numpages = {26},
 //url = {http://digibug.ugr.es/bitstream/10481/19751/1/rmontes_LSI-2012-001TR.pdf},
}

@InProceedings{Nascimento2015,
 author = {Nascimento, Fernando Melo and Carvalho, Andr{\'e} Britto de and Andrade, Beatriz Trinch{\~a}o},
 title = {Exploring Clustering Algorithms in the Appearance Modeling Problem},
 booktitle = {Proceedings...},
 year = {2015},
 //editor = {Vieira, Thales Miranda de Almeida and Mello, Vinicius Moreira},
 organization = {Conference on Graphics, Patterns and Images, 28. (SIBGRAPI)},
 publisher = {Sociedade Brasileira de Computa{\c{c}}{\~a}o},
 //url = "http://urlib.net/sid.inpe.br/sibgrapi/2015/07.23.22.13",
}

@inproceedings{Ngan2005,
 author = {Ngan, Addy and Durand, Fr{\'e}do and Matusik, Wojciech},
 title = {Experimental Analysis of BRDF Models},
 booktitle = {Proceedings of the Sixteenth Eurographics Conference on Rendering Techniques},
 series = {EGSR '05},
 year = {2005},
 isbn = {3-905673-23-1},
 location = {Konstanz, Germany},
 pages = {117--126},
 numpages = {10},
 //url = {http://dx.doi.org/10.2312/EGWR/EGSR05/117-126},
 doi = {10.2312/EGWR/EGSR05/117-126},
 acmid = {2383671},
 //publisher = {Eurographics Association},
 //address = {Aire-la-Ville, Switzerland, Switzerland},
}

@misc{NganSup2005,
 author = {Ngan, Addy and Durand, Fr{\'e}do and Matusik, Wojciech},
 title = {Experimental Analysis of BRDF Models - Supplemental},
 year = {2005},
 location = {Konstanz, Germany},
 numpages = {202},
 publisher = {Eurographics Association},
}

@phdthesis{Ngan2006,
 author = {Wai Kit Addy Ngan},
 title = {Acquisition and Modeling of Material Appearance},
 school = {Massachusetts Institute of Technology},
 year = {2006},
 month = {August},
}

@misc{Oikonen2013,
 author = {Vesa Oikonen},
 school = {Finnish National Research Institute},
 year = {2013},
 title = {nnls.c File Reference},
}

@article{Schlick1994,
 author = {Christophe Schlick},
 title = {An Inexpensive {BRDF} Model for Physically-based Rendering},
 journal = {Computer Graphics Forum},
 year = {1994},
 volume = {13},
 pages = {233--246}
}

@unpublished{Takahashi2007,
 author = {Ricardo H. C. Takahashi},
 title = {Otimização Escalar e Vetorial - Notas de Aula},
 year = {2007},
 note = {Livro-texto incompleto utilizado em cursos de Otimização},
 school = {Universidade Federal de Minas Gerais - UFMG},
}

@article{Weyrich2009,
 author = {Weyrich, Tim and Lawrence, Jason and Lensch, Hendrik P. A. and Rusinkiewicz, Szymon and Zickler, Todd},
 title = {Principles of Appearance Acquisition and Representation},
 journal = {Found. Trends. Comput. Graph. Vis.},
 issue_date = {February 2009},
 volume = {4},
 number = {2},
 //month = feb,
 year = {2009},
 issn = {1572-2740},
 pages = {75--191},
 numpages = {117},
 //url = {http://dx.doi.org/10.1561/0600000022},
 doi = {10.1561/0600000022},
 acmid = {1640477},
 publisher = {Now Publishers Inc.},
 address = {Hanover, MA, USA},
} 

@article{Xu2005,
 author = {Xu, Rui and Wunsch,II, D.},
 title = {Survey of Clustering Algorithms},
 journal = {Trans. Neur. Netw.},
 issue_date = {May 2005},
 volume = {16},
 number = {3},
 month = may,
 year = {2005},
 issn = {1045-9227},
 pages = {645--678},
 numpages = {34},
 //url = {http://dx.doi.org/10.1109/TNN.2005.845141},
 doi = {10.1109/TNN.2005.845141},
 acmid = {2327433},
 publisher = {IEEE Press},
 address = {Piscataway, NJ, USA},
} 